@article{denissen2008effects,
  title={The effects of weather on daily mood: a multilevel approach.},
  author={Denissen, Jaap JA and Butalid, Ligaya and Penke, Lars and Van Aken, Marcel AG},
  journal={Emotion},
  volume={8},
  number={5},
  pages={662},
  year={2008},
  publisher={American Psychological Association}
}

@article{howarth1984multidimensional,
  title={A multidimensional approach to the relationship between mood and weather},
  author={Howarth, Edgar and Hoffman, Michael S},
  journal={British Journal of Psychology},
  volume={75},
  number={1},
  pages={15--23},
  year={1984},
  publisher={Wiley Online Library}
}

@article{keller2005warm,
  title={A warm heart and a clear head the contingent effects of weather on mood and cognition},
  author={Keller, Matthew C and Fredrickson, Barbara L and Ybarra, Oscar and C{\^o}t{\'e}, St{\'e}phane and Johnson, Kareem and Mikels, Joe and Conway, Anne and Wager, Tor},
  journal={Psychological Science},
  volume={16},
  number={9},
  pages={724--731},
  year={2005},
  publisher={SAGE Publications}
}

@article{lambert2002effect,
  title={Effect of sunlight and season on serotonin turnover in the brain},
  author={Lambert, GW and Reid, Christopher and Kaye, DM and Jennings, GL and Esler, MD},
  journal={The Lancet},
  volume={360},
  number={9348},
  pages={1840--1842},
  year={2002},
  publisher={Elsevier}
}

@inproceedings{hannak2012tweetin,
  title={Tweetin'in the Rain: Exploring Societal-Scale Effects of Weather on Mood.},
  author={Hannak, Aniko and Anderson, Eric and Barrett, Lisa Feldman and Lehmann, Sune and Mislove, Alan and Riedewald, Mirek},
  booktitle={ICWSM},
  year={2012}
}

@inproceedings{li2014nasty,
  title={What a Nasty day: Exploring Mood-Weather Relationship from Twitter},
  author={Li, Jiwei and Wang, Xun and Hovy, Eduard},
  booktitle={Proceedings of the 23rd ACM International Conference on Conference on Information and Knowledge Management},
  pages={1309--1318},
  year={2014},
  organization={ACM}
}

@inproceedings{park2013mood,
  title={Mood and Weather: Feeling the Heat?},
  author={Park, Kunwoo and Lee, Seonggyu and Kim, Eunae and Park, Minjee and Park, Juyong and Cha, Meeyoung},
  booktitle={ICWSM},
  year={2013}
}

@inproceedings{pak2010twitter,
  title={Twitter as a Corpus for Sentiment Analysis and Opinion Mining.},
  author={Pak, Alexander and Paroubek, Patrick},
  booktitle={LREC},
  volume={10},
  pages={1320--1326},
  year={2010}
}

@inproceedings{pangthumbs,
 author = {Pang, Bo and Lee, Lillian and Vaithyanathan, Shivakumar},
 title = {Thumbs Up?: Sentiment Classification Using Machine Learning Techniques},
 booktitle = {Proceedings of the ACL-02 Conference on Empirical Methods in Natural Language Processing - Volume 10},
 series = {EMNLP '02},
 year = {2002},
 pages = {79--86},
 numpages = {8},
 url = {http://dx.doi.org/10.3115/1118693.1118704},
 doi = {10.3115/1118693.1118704},
 acmid = {1118704},
 publisher = {Association for Computational Linguistics},
 address = {Stroudsburg, PA, USA},
}

@inproceedings{agarwal2011sentiment,
  title={Sentiment analysis of twitter data},
  author={Agarwal, Apoorv and Xie, Boyi and Vovsha, Ilia and Rambow, Owen and Passonneau, Rebecca},
  booktitle={Proceedings of the Workshop on Languages in Social Media},
  pages={30--38},
  year={2011},
  organization={Association for Computational Linguistics}
}

@inproceedings{weber2001visualizing,
  title={Visualizing time-series on spirals},
  author={Weber, Marc and Alexa, Marc and M{\"u}ller, Wolfgang},
  booktitle={Information Visualization, IEEE Symposium on},
  pages={7--7},
  year={2001},
  organization={IEEE Computer Society}
}

@article{woodring2009multiscale,
  title={Multiscale time activity data exploration via temporal clustering visualization spreadsheet},
  author={Woodring, Jonathan and Shen, Han-Wei},
  journal={Visualization and Computer Graphics, IEEE Transactions on},
  volume={15},
  number={1},
  pages={123--137},
  year={2009},
  publisher={IEEE}
}

@book{pampalk2002using,
  title={Using smoothed data histograms for cluster visualization in self-organizing maps},
  author={Pampalk, Elias and Rauber, Andreas and Merkl, Dieter},
  year={2002},
  publisher={Springer}
}

@article{jain2010data,
  title={Data clustering: 50 years beyond K-means},
  author={Jain, Anil K},
  journal={Pattern recognition letters},
  volume={31},
  number={8},
  pages={651--666},
  year={2010},
  publisher={Elsevier}
}

@article{bollen2011twitter,
  title={Twitter mood predicts the stock market},
  author={Bollen, Johan and Mao, Huina and Zeng, Xiaojun},
  journal={Journal of Computational Science},
  volume={2},
  number={1},
  pages={1--8},
  year={2011},
  publisher={Elsevier}
}

@book{KAUFMANN2001,
  title={Drawing Graphs: Methods and Models},
  author={M. Kaufmann and D. Wagner},
  publisher={Springer},
  year={2001},
}

@article{holten2006hierarchical,
  title={Hierarchical edge bundles: Visualization of adjacency relations in hierarchical data},
  author={Holten, Danny},
  journal={Visualization and Computer Graphics, IEEE Transactions on},
  volume={12},
  number={5},
  pages={741--748},
  year={2006},
  publisher={IEEE}
}

@inproceedings{holten2009force,
  title={Force-Directed Edge Bundling for Graph Visualization},
  author={Holten, Danny and Van Wijk, Jarke J},
  booktitle={Computer Graphics Forum},
  volume={28},
  number={3},
  pages={983--990},
  year={2009},
  organization={Wiley Online Library}
}

@inproceedings{gansner2011multilevel,
  title={Multilevel agglomerative edge bundling for visualizing large graphs},
  author={Gansner, Emden R and Hu, Yifan and North, Stephen and Scheidegger, Carlos},
  booktitle={Pacific Visualization Symposium (PacificVis), 2011 IEEE},
  pages={187--194},
  year={2011},
  organization={IEEE}
}

@article{cui2008geometry,
  title={Geometry-based edge clustering for graph visualization},
  author={Cui, Weiwei and Zhou, Hong and Qu, Huamin and Wong, Pak Chung and Li, Xiaoming},
  journal={Visualization and Computer Graphics, IEEE Transactions on},
  volume={14},
  number={6},
  pages={1277--1284},
  year={2008},
  publisher={IEEE}
}

@article{ersoy2011skeleton,
  title={Skeleton-based edge bundling for graph visualization},
  author={Ersoy, Ozan and Hurter, Christophe and Paulovich, Fernando Vieira and Cantareiro, Gabriel and Telea, Alexandru},
  journal={Visualization and Computer Graphics, IEEE Transactions on},
  volume={17},
  number={12},
  pages={2364--2373},
  year={2011},
  publisher={IEEE}
}

@inproceedings{telea2010image,
  title={Image-Based Edge Bundles: Simplified Visualization of Large Graphs},
  author={Telea, Alexandru and Ersoy, Ozan},
  booktitle={Computer Graphics Forum},
  volume={29},
  number={3},
  pages={843--852},
  year={2010},
  organization={Wiley Online Library}
}

@INPROCEEDINGS{5571244,
  author={Lambert, A. and Bourqui, R. and Auber, D.},
  booktitle={Information Visualisation (IV), 2010 14th International Conference},
  title={3D Edge Bundling for Geographical Data Visualization},
  year={2010},
  month={July},
  pages={329-335},
  doi={10.1109/IV.2010.53},
  ISSN={1550-6037},
}

@article{bottger2014three,
  title={Three-dimensional mean-shift edge bundling for the visualization of functional connectivity in the brain},
  author={B\"{o}ttger, Joachim and Schafer, Alexander and Lohmann, Gabriele and Villringer, Arno and Margulies, Daniel S},
  journal={Visualization and Computer Graphics, IEEE Transactions on},
  volume={20},
  number={3},
  pages={471--480},
  year={2014},
  publisher={IEEE}
}

@inproceedings{hurter2012graph,
  title={Graph bundling by kernel density estimation},
  author={Hurter, Christophe and Ersoy, Ozan and Telea, Alexandru},
  booktitle={Computer Graphics Forum},
  volume={31},
  number={3pt1},
  pages={865--874},
  year={2012},
  organization={Wiley Online Library}
}

@inproceedings{Michalakes2004,
  title={The Weather Reseach and Forecast Model: Software Architecture and Performance},
  author={J. Michalakes and J. Dudhia and D. Gill and T. Henderson and J. Klemp and W. Skamarock and W. Wang},
  booktitle={Proceedings of the 11th ECMWF Workshop on the Use of High Performance Computing In Meteorology},
  pages={25--29},
  year={2004},
}

@book{Plutchik2002,
  title={Emotions and Life: Perspectives from Psychology, Biology, and Evolution},
  author={Robert Plutchik},
  year={2002},
  publisher={American Psychological Association (APA)}
}

@inproceedings{riloff2013sarcasm,
  title={Sarcasm as Contrast between a Positive Sentiment and Negative Situation.},
  author={Riloff, Ellen and Qadir, Ashequl and Surve, Prafulla and De Silva, Lalindra and Gilbert, Nathan and Huang, Ruihong},
  booktitle={EMNLP},
  pages={704--714},
  year={2013}
}


