@article{howarth1984multidimensional,
  title={A multidimensional approach to the relationship between mood and weather},
  author={Howarth, Edgar and Hoffman, Michael S},
  journal={British Journal of Psychology},
  volume={75},
  number={1},
  pages={15--23},
  year={1984},
  publisher={Wiley Online Library}
}

@article{keller2005warm,
  title={A warm heart and a clear head the contingent effects of weather on mood and cognition},
  author={Keller, Matthew C and Fredrickson, Barbara L and Ybarra, Oscar and C{\^o}t{\'e}, St{\'e}phane and Johnson, Kareem and Mikels, Joe and Conway, Anne and Wager, Tor},
  journal={Psychological Science},
  volume={16},
  number={9},
  pages={724--731},
  year={2005},
  publisher={SAGE Publications}
}

@inproceedings{li2014nasty,
  title={What a Nasty day: Exploring Mood-Weather Relationship from Twitter},
  author={Li, Jiwei and Wang, Xun and Hovy, Eduard},
  booktitle={Proceedings of the 23rd ACM International Conference on Conference on Information and Knowledge Management},
  pages={1309--1318},
  year={2014},
  organization={ACM}
}

@article{lambert2002effect,
  title={Effect of sunlight and season on serotonin turnover in the brain},
  author={Lambert, GW and Reid, Christopher and Kaye, DM and Jennings, GL and Esler, MD},
  journal={The Lancet},
  volume={360},
  number={9348},
  pages={1840--1842},
  year={2002},
  publisher={Elsevier}
}

@inproceedings{pak2010twitter,
  title={Twitter as a Corpus for Sentiment Analysis and Opinion Mining.},
  author={Pak, Alexander and Paroubek, Patrick},
  booktitle={LREC},
  volume={10},
  pages={1320--1326},
  year={2010}
}

@inproceedings{hannak2012tweetin,
  title={Tweetin'in the Rain: Exploring Societal-Scale Effects of Weather on Mood.},
  author={Hannak, Aniko and Anderson, Eric and Barrett, Lisa Feldman and Lehmann, Sune and Mislove, Alan and Riedewald, Mirek},
  booktitle={ICWSM},
  year={2012}
}

@article{denissen2008effects,
  title={The effects of weather on daily mood: a multilevel approach.},
  author={Denissen, Jaap JA and Butalid, Ligaya and Penke, Lars and Van Aken, Marcel AG},
  journal={Emotion},
  volume={8},
  number={5},
  pages={662},
  year={2008},
  publisher={American Psychological Association}
}

@article{woodring2009multiscale,
  title={Multiscale time activity data exploration via temporal clustering visualization spreadsheet},
  author={Woodring, Jonathan and Shen, Han-Wei},
  journal={Visualization and Computer Graphics, IEEE Transactions on},
  volume={15},
  number={1},
  pages={123--137},
  year={2009},
  publisher={IEEE}
}

@inproceedings{weber2001visualizing,
  title={Visualizing time-series on spirals},
  author={Weber, Marc and Alexa, Marc and M{\"u}ller, Wolfgang},
  booktitle={Information Visualization, IEEE Symposium on},
  pages={7--7},
  year={2001},
  organization={IEEE Computer Society}
}

@book{pampalk2002using,
  title={Using smoothed data histograms for cluster visualization in self-organizing maps},
  author={Pampalk, Elias and Rauber, Andreas and Merkl, Dieter},
  year={2002},
  publisher={Springer}
}

@article{jain2010data,
  title={Data clustering: 50 years beyond K-means},
  author={Jain, Anil K},
  journal={Pattern recognition letters},
  volume={31},
  number={8},
  pages={651--666},
  year={2010},
  publisher={Elsevier}
}

@article{bollen2011twitter,
  title={Twitter mood predicts the stock market},
  author={Bollen, Johan and Mao, Huina and Zeng, Xiaojun},
  journal={Journal of Computational Science},
  volume={2},
  number={1},
  pages={1--8},
  year={2011},
  publisher={Elsevier}
}

@article{pangthumbs,
  title={Thumbs up? Sentiment Classification using Machine Learning Techniques},
  author={Pang, Bo and Lee, Lillian and Vaithyanathan, Shivakumar}
}

@inproceedings{riloff2013sarcasm,
  title={Sarcasm as Contrast between a Positive Sentiment and Negative Situation.},
  author={Riloff, Ellen and Qadir, Ashequl and Surve, Prafulla and De Silva, Lalindra and Gilbert, Nathan and Huang, Ruihong},
  booktitle={EMNLP},
  pages={704--714},
  year={2013}
}
